
%Jin

@article{question_1.1,
  title={The Age of Artificial Intelligence: Use of Digital Technology in Clinical Nutrition},
  author={Limketkai, B. N. and Mauldin, K. and Manitius, N. and Jalilian, L. and Salonen, B. R.},
  journal={Current Surgery Reports 9(7), 20},
  year={2021},
  publisher={Philadelphia, PA}
}

@article{question_1.2,
  title={Artificial Intelligence in Nutrients Science Research: A Review},
  author={Sak, Jaros{\l}aw and Suchodolska, Magdalena},
  journal={Nutrients 13(2), 322},
  year={2021},
  doi={10.3390/nu13020322}
}


%========================================================================%



%Irene

@article{question_2.1, 
  title={A Fire Evacuation and Control System in Smart Buildings Based on the Internet of Things and a Hybrid Intelligent Algorithm.}, 
  author={Mohammadiounotikandi, Ali and Fakhruldeen, Hassan Falah and Meqdad, Maytham N. and Ibrahim, Banar Fareed and Jafari Navimipour, Nima and Unal, Mehmet}, 
  journal={Fire, 6(4), 171}, 
  year={2023}, 
  url={https://doi.org/10.3390/fire6040171} 
}  

@article{question_2.2, 
  title={Building Fire Evacuation: An IoT-Aided Perspective in the 5G Era.}, 
  author={Fang, Hongqiang and Lo, Siuming and Lo, Jacqueline T. Y.}, 
  journal={Buildings, 11(12), 643}, 
  year={2021}, 
  url={https://doi.org/10.3390/buildings11120643} 
} 


@article{question_2.3, 
  title={Evacuation Time Estimation Model in Large Buildings Based on Individual Characteristics and Real-Time Congestion Situation of Evacuation Exit.}, 
  author={Deng, Qing and Zhang, Bo and Zhou, Zheng and Deng, Hongyu and Zhou, Liang and Zhou, Zhengqing and Jiang, Huiling}, 
  journal={Fire, 5(6), 204}, 
  year={2022}, 
  url={https://doi.org/10.3390/fire5060204} 
} 
 

@article{question_2.4, 
  title={Towards a Smart Elevator-Aided Fire Evacuation Scheme in High-Rise Apartment Buildings for Elderly.}, 
   author={Fang, Hongqiang and Qiu, Hongpeng and Lin, Peng and Lo, S. M. and Lo, J. T. Y.},
  journal={IEEE Access, 10, 90690--90705}, 
  year={2022}, 
  url={https://doi.org/10.1109/ACCESS.2022.3201516} 
} 





%========================================================================%



%Ariel
@article{question_3.1,
    author= {Estopace, E.},
    year={2016},
    month={Oct 26},
    title={eBay introduces ShopBot personal shopping assistant},
    journal={Enterprise Innovation},
    note={Name - eBay Inc; Copyright - Copyright Questex Media Group LLC Oct 26, 2016; Last updated - 2023-11-04},
    keywords={Business And Economics--Computer Applications; Natural language; Shopping; Personal shoppers; Inventory; Artificial intelligence; 81299:All Other Personal Services},
    isbn={18174027},
    language={English},
    url={http://ezproxy.lib.uts.edu.au/login?url=https://www.proquest.com/trade-journals/ebay-introduces-shopbot-personal-shopping/docview/1832362721/se-2},
}



@article {question_3.2, 
    author = {Pei-Fang Hsu, and Tuan (Kellan) Nguyen, and Chen-Ya Wang, and Pei-Ju Huang}, 
    title = {Chatbot commerceâ€”How contextual factors affect Chatbot effectiveness. \textit{Electron Markets 33}(14), 1-22.}, 
    year = {2023},
    url = {https://doi-org.ezproxy.lib.uts.edu.au/10.1007/s12525-023-00629-4},
}





%Pip
@article {question_3.3,
    author = {Loeb, Walter},
    title = {Amazon's Rufus Is a New Chatbot for Shoppers},
    year = {2024},
    month = {Feb},
    day = {6},
    url = {https://www.forbes.com/sites/walterloeb/2024/02/06/amazons-rufus-is-a-new-chatbot-for-shoppers/?sh=54593db733b7},
    note = {Accessed: 2024-04-26}
}


@article {question_3.4,
    author = {Emma Roth},
    title = {Amazon AI Shopping Assistant 'Rufus'},
    year = {2024},
    month = {Feb},
    day = {1},
    url = {https://www.theverge.com/2024/2/1/24058381/amazon-ai-shopping-assistant-rufus},
    note = {Accessed: 2024-04-26}
}



@blog {question_3.5,
    author = {Brian Tilzer},
    title = {Google Generative AI for Best Buy},
    year = {2024},
    url = {https://blog.google/products/google-cloud/google-generative-ai-best-buy/},
    note = {Accessed: 2024-04-26}
}


@article {question_3.6,
    author = {Michael Kan},
    title = {After Geek Squad Layoffs, Best Buy to Tap AI for Customer Support},
    year = {2024},
    url = {https://au.pcmag.com/ai/104753/after-geek-squad-layoffs-best-buy-to-tap-ai-for-customer-support},
    note = {Accessed: 2024-04-26}
}


@article {question_3.7,
    author = {Accenture},
    title = {Best Buy, Google Cloud, and Accenture Partner to Create a Better Customer Support Experience with Generative AI},
    year = {2024},
    url = {https://newsroom.accenture.com/news/2024/best-buy-google-cloud-and-accenture-partner-to-create-a-better-customer-support-experience-with-generative-ai.htm},
    note = {Accessed: 2024-04-26}
}


%========================================================================%
